<?xml version="1.0" encoding="UTF-8"?><collection xmlns="http://www.loc.gov/MARC21/slim"><record><leader>00418nam--2200133-i-4500</leader><controlfield tag="001">000009869</controlfield><controlfield tag="002">20161230</controlfield><controlfield tag="005">20161230201028</controlfield><controlfield tag="008">060222s1000------------r-----000-0-eng-d</controlfield><datafield ind1=" " ind2=" " tag="080"><subfield code="a">621.039. 543.6</subfield></datafield><datafield ind1=" " ind2=" " tag="100"><subfield code="a">Cornet, Jean-andre</subfield></datafield><datafield ind1=" " ind2=" " tag="245"><subfield code="a">Contribution a l etude des pjases a et e du plutonium par l utilisation des hautes press ions hydrostatiques. these</subfield></datafield><datafield ind1=" " ind2=" " tag="260"><subfield code="a">Orsay-paris, 1970 67 P. + 33 Fig</subfield></datafield><datafield ind1=" " ind2=" " tag="852"><subfield code="a">35779</subfield></datafield></record></collection>